Automatically generated by Mendeley Desktop 1.17.8
Any changes to this file will be lost if it is regenerated by Mendeley.

BibTeX export options can be customized via Preferences -> BibTeX in Mendeley Desktop

@article{Agresta2013,
author = {Agresta, Antonio and Ingenito, Antonella and Andriani, Roberto and Gamma, Fausto},
doi = {10.1115/IMECE2013-62603},
file = {:Users/Nicola/Documents/Mendeley Desktop/Agresta et al/Agresta et al. - 2013 - Feasibility Study of a Supercritical Cycle as a Waste Heat Recovery System.pdf:pdf},
isbn = {9780791856284},
journal = {ASME 2013 International Mechanical Engineering Congress and Exposition},
keywords = {IMECE2013-62603},
number = {November},
pages = {1--6},
title = {{Feasibility Study of a Supercritical Cycle as a Waste Heat Recovery System}},
url = {http://proceedings.asmedigitalcollection.asme.org/proceeding.aspx?articleid=1858334},
volume = {6},
year = {2013}
}
